%% This BibTeX bibliography file was created using BibDesk.
%% http://bibdesk.sourceforge.net/


%% Created for Seth at 2012-04-03 11:35:05 -0700 


%% Saved with string encoding Unicode (UTF-8) 



@misc{Nuon:uq,
	Author = {W. Dana Nuon},
	Date-Added = {2012-04-03 10:53:34 -0700},
	Date-Modified = {2012-04-03 11:35:05 -0700},
	Howpublished = {\url{http://wdnuon.blogspot.com/2010/05/implementing-ibooks-page-curling-using.html}},
	Lastchecked = {April 3, 2012},
	Title = {Implementing iBooks page curling using a conical deformation algorithm},
	Urldate = {May 5, 2010},
	Year = {2010}}

@article{Lichan-Hong:2004fk,
	Author = {Lichan Hong and Stuart K. Card and and Jindong (JD) Chen},
	Date-Added = {2012-04-03 10:51:57 -0700},
	Date-Modified = {2012-04-03 10:53:22 -0700},
	Journal = {Siggraph'04 Sketches},
	Title = {Deforming Pages of 3D Electronic Books},
	Year = {2004}}
